% Encoding: utf8 without BOM

@book{Klein2006,
	author = {Vladislav Klein and Eugene A. Morelli},
	year = {2006},
	title = {Aircraft System Identification},
	publisher = {American Institute of Aeronautics~{and}~Astronautics, Reston, VA},
	isbn = {1-56347-832-3}
}

% überarbeiten!
@booklet{Fichter2009,
  title = {Flugmechanik},
  publisher = {Universität Stuttgart, Institut für Flugmechanik und 
  Flugregelung},
  year = {2009},
  author = {Walter Fichter and Werner Grimm}
}

@booklet{Grimm2017,
	title = {Skriptum Digitale Regelung und Filterung},
	publisher = {Institut für Flugmechanik und Flugregelung, Universität 
	Stuttgart},
	year = {2017},
	author = {Werner Grimm}
}

@BOOK{Johnson1994,
  title = {Helicopter theory},
  publisher = {Dover Publications},
  year = {1994},
  author = {Johnson, Wayne},
  address = {Mineola, NY}
}

@book{Bielawa1992,
 author = {R. L.  Bielawa and Richard L.  Bielawa},
 year = {1992},
 title = {Wing Structural Dynamics and Aeroelasticity},
 address = {Reston, Va.},
 publisher = {AIAA Inc., Washington, D.C and American Institute of Aeronautics~{and}~Astronautics},
 isbn = {1563476983}
}

@book{Bendat1986,
	author = {Julius S. Bendat and Allan G. Piersol},
	year = {1986},
	title = {Random Data: Analysis and Measurement Procedures},
	publisher = {John Wiley \& Sons, Inc.},
	isbn = {0-471-04000-2}
}

@book{Mandry2021,
	title = {Modul 5: Kleinste Fehlerquadrate für eine Matrixgleichung: Matrix-LSQ},
	publisher = {Institut für Flugmechanik und Flugregelung, Universität 
	Stuttgart},
	year = {2021},
	author = {Nicolas Mandry}
}

@book{Gschwandtner2019,
	title = {Bestimmung eines Pilotenmodells mit Flugmessdaten aus einem UL-Helikopter},
	publisher = {Institut für Flugmechanik und Flugregelung, Universität 
	Stuttgart},
	year = {2019},
	author = {Florian Gschwandtner}
}